<?xml version="1.0" encoding="UTF-8"?><collection xmlns="http://www.loc.gov/MARC21/slim"><record><leader>00506nam--2200181-i-4500</leader><controlfield tag="001">000024660</controlfield><controlfield tag="002">20161230</controlfield><controlfield tag="005">20161230201035</controlfield><controlfield tag="008">060222s1000------------r-----000-0-fre-d</controlfield><datafield ind1=" " ind2=" " tag="040"><subfield code="a">IFIN-HH</subfield></datafield><datafield ind1=" " ind2=" " tag="041"><subfield code="a">fre</subfield></datafield><datafield ind1=" " ind2=" " tag="080"><subfield code="a">537.67(043)</subfield></datafield><datafield ind1="1" ind2=" " tag="100"><subfield code="a">Harari, Davide</subfield></datafield><datafield ind1="1" ind2="0" tag="245"><subfield code="a">La guide d`ondes terre-couces d. etude numerique d`un modele particulier</subfield><subfield code="b">These</subfield><subfield code="c">Davide harari</subfield></datafield><datafield ind1=" " ind2=" " tag="260"><subfield code="a">Paris</subfield><subfield code="b">Faculte Des Sciences</subfield><subfield code="c">1967</subfield></datafield><datafield ind1=" " ind2=" " tag="300"><subfield code="a">114 P</subfield></datafield><datafield ind1=" " ind2=" " tag="852"><subfield code="a">78083</subfield><subfield code="c">537.533.3</subfield></datafield><datafield ind1=" " ind2=" " tag="CAT"><subfield code="a">Sys</subfield><subfield code="c">20110901</subfield><subfield code="h">154253</subfield></datafield></record></collection>